@ARTICLE{ic_deepcore_16,
	author = {{Aartsen}, M.~G. and others},
	title = "{The Search for Transient Astrophysical Neutrino Emission with IceCube-DeepCore}",
	journal = {\apj},
	keywords = {astroparticle physics, gamma-ray burst: general, neutrinos, supernovae: general, Astrophysics - High Energy Astrophysical Phenomena},
	year = 2016,
	month = jan,
	volume = {816},
	number = {2},
	eid = {75},
	pages = {75},
	doi = {10.3847/0004-637X/816/2/75},
	archivePrefix = {arXiv},
	eprint = {1509.05029},
	primaryClass = {astro-ph.HE},
	adsurl = {https://ui.adsabs.harvard.edu/abs/2016ApJ...816...75A},
	adsnote = {Provided by the SAO/NASA Astrophysics Data System}
}

@ARTICLE{icetop_19,
	author = {{Aartsen}, M.~G. and others},
	title = "{Cosmic ray spectrum and composition from PeV to EeV using 3 years of data from IceTop and IceCube}",
	journal = {\prd},
	keywords = {Astrophysics - High Energy Astrophysical Phenomena},
	year = 2019,
	month = oct,
	volume = {100},
	number = {8},
	eid = {082002},
	pages = {082002},
	doi = {10.1103/PhysRevD.100.082002},
	archivePrefix = {arXiv},
	eprint = {1906.04317},
	primaryClass = {astro-ph.HE},
	adsurl = {https://ui.adsabs.harvard.edu/abs/2019PhRvD.100h2002A},
	adsnote = {Provided by the SAO/NASA Astrophysics Data System}
}

@ARTICLE{icecube_detector_17,
	author = {{Aartsen}, M.~G. and others},
	title = "{The IceCube Neutrino Observatory: instrumentation and online systems}",
	journal = {Journal of Instrumentation},
	keywords = {Astrophysics - Instrumentation and Methods for Astrophysics, Physics - Instrumentation and Detectors},
	year = 2017,
	month = mar,
	volume = {12},
	number = {3},
	pages = {P03012},
	doi = {10.1088/1748-0221/12/03/P03012},
	archivePrefix = {arXiv},
	eprint = {1612.05093},
	primaryClass = {astro-ph.IM},
	adsurl = {https://ui.adsabs.harvard.edu/abs/2017JInst..12P3012A},
	adsnote = {Provided by the SAO/NASA Astrophysics Data System}
}

@ARTICLE{ic_spe_20,
	author = {{Aartsen}, M.~G. and others},
	title = "{In-situ calibration of the single-photoelectron charge response of the IceCube photomultiplier tubes}",
	journal = {Journal of Instrumentation},
	keywords = {Physics - Instrumentation and Detectors},
	year = 2020,
	month = jun,
	volume = {15},
	number = {6},
	pages = {P06032},
	doi = {10.1088/1748-0221/15/06/P06032},
	archivePrefix = {arXiv},
	eprint = {2002.00997},
	primaryClass = {physics.ins-det},
	adsurl = {https://ui.adsabs.harvard.edu/abs/2020JInst..15P6032A},
	adsnote = {Provided by the SAO/NASA Astrophysics Data System}
}

@Article{dustlogger,
  author    = {M.G. Aartsen and R. Abbasi and others},
  title     = {South Pole glacial climate reconstruction from multi-borehole laser particulate stratigraphy},
  journal   = {Journal of Glaciology},
  year      = {2013},
  volume    = {59},
  number    = {218},
  pages     = {1117–1128},
  publisher = {Cambridge University Press},
}

@phdthesis{Rongen:2019wsh,
    author = "Rongen, Martin",
    title = "{Calibration of the IceCube Neutrino Observatory}",
    eprint = "1911.02016",
    archivePrefix = "arXiv",
    primaryClass = "astro-ph.IM",
    doi = "10.18154/RWTH-2019-09941",
    school = "RWTH Aachen U.",
    year = "2019"
}

@article{muonstoppingpower,
title = {MUON STOPPING POWER AND RANGE TABLES 10 MeV–100 TeV},
journal = {Atomic Data and Nuclear Data Tables},
volume = {78},
number = {2},
pages = {183-356},
year = {2001},
issn = {0092-640X},
doi = {https://doi.org/10.1006/adnd.2001.0861},
url = {https://www.sciencedirect.com/science/article/pii/S0092640X01908617},
author = {DONALD E. GROOM and NIKOLAI V. MOKHOV and SERGEI I. STRIGANOV},
abstract = {The mean stopping power for high-energy muons in matter can be described by 〈−dE/dx〉=a(E)+b(E)E, where a(E) is the electronic stopping power and b(E) is the energy-scaled contribution from radiative processes—bremsstrahlung, pair production, and photonuclear interactions. a(E) and b(E) are both slowly varying functions of the muon energy E where radiative effects are important. Tables of these stopping power contributions and continuous-slowing-down-approximation ranges (which neglect multiple scattering and range straggling) are given for a selection of elements, compounds, mixtures, and biological materials for incident kinetic energies in the range of 10 MeV to 100 TeV. Tables of the contributions to b(E) are given for the same materials.}
}

@ARTICLE{NNPosteriors,
  author={Richard, Michael D. and Lippmann, Richard P.},
  journal={Neural Computation}, 
  title={Neural Network Classifiers Estimate Bayesian \emph{a posteriori} Probabilities}, 
  year={1991},
  volume={3},
  number={4},
  pages={461-483},
  doi={10.1162/neco.1991.3.4.461}
}


@article{atmo_decoherence,
   title={Dynamical pion collapse and the coherence of conventional neutrino beams},
   volume={91},
   ISSN={1550-2368},
   url={http://dx.doi.org/10.1103/PhysRevD.91.053002},
   DOI={10.1103/physrevd.91.053002},
   number={5},
   journal={Physical Review D},
   publisher={American Physical Society (APS)},
   author={Jones, B.J.P.},
   year={2015},
   month={3}
}

% TXS
@article{IceCube:2018dnn,
    author = "Aartsen, M. G. and others",
    collaboration = "IceCube, Fermi-LAT, MAGIC, AGILE, ASAS-SN, HAWC, H.E.S.S., INTEGRAL, Kanata, Kiso, Kapteyn, Liverpool Telescope, Subaru, Swift NuSTAR, VERITAS, VLA/17B-403",
    title = "{Multimessenger observations of a flaring blazar coincident with high-energy neutrino IceCube-170922A}",
    eprint = "1807.08816",
    archivePrefix = "arXiv",
    primaryClass = "astro-ph.HE",
    doi = "10.1126/science.aat1378",
    journal = "Science",
    volume = "361",
    number = "6398",
    pages = "eaat1378",
    year = "2018"
}

@article{global_unitarity_Hu,
    author = "Hu, Zhuojun and Ling, Jiajie and Tang, Jian and Wang, TseChun",
    title = "{Global oscillation data analysis on the $3\nu$ mixing without unitarity}",
    eprint = "2008.09730",
    archivePrefix = "arXiv",
    primaryClass = "hep-ph",
    reportNumber = "NCTS-PH/2010",
    doi = "10.1007/JHEP01(2021)124",
    journal = "JHEP",
    volume = "01",
    pages = "124",
    year = "2021"
}

@Article{nufit40,
author={Esteban, Ivan
and Gonzalez-Garcia, M. C.
and Hernandez-Cabezudo, Alvaro
and Maltoni, Michele
and Schwetz, Thomas},
title={Global analysis of three-flavour neutrino oscillations: synergies and tensions in the determination of $\theta$23, $\delta$CP, and the mass ordering},
journal={Journal of High Energy Physics},
year={2019},
month={1},
day={11},
volume={2019},
number={1},
pages={106},
issn={1029-8479},
doi={10.1007/JHEP01(2019)106},
url={https://doi.org/10.1007/JHEP01(2019)106}
}

@article{DeepCore,
    title = {{The design and performance of IceCube DeepCore}},
    journal = {Astroparticle Physics},
    volume = {35},
    number = {10},
    pages = {615-624},
    year = {2012},
    issn = {0927-6505},
    author = {Abbasi, R. and others},
    collaboration = "IceCube"
}

@book{jackson2012classical,
  title={Classical Electrodynamics},
  author={Jackson, J.D.},
  isbn={9788126510948},
  lccn={97046873},
  url={https://books.google.de/books?id=8qHCZjJHRUgC},
  year={2012},
  publisher={Wiley}
}

@article{pdg,
    author = "Workman, R. L. and Others",
    collaboration = "Particle Data Group",
    title = "{Review of Particle Physics}",
    doi = "10.1093/ptep/ptac097",
    journal = "PTEP",
    volume = "2022",
    pages = "083C01",
    year = "2022"
}

@Article{geant4,
  author    = {S. Agostinelli and others},
  title     = {Geant4{\textemdash}a simulation toolkit},
  journal   = {Nucl. Instr. Meth. Phys. Res.},
  year      = {2003},
  volume    = {506},
  number    = {3},
  pages     = {250--303},
  month     = jul,
  doi       = {10.1016/s0168-9002(03)01368-8},
  publisher = {Elsevier {BV}},
}

@article{RADEL2013102,
title = {Calculation of the Cherenkov light yield from electromagnetic cascades in ice with Geant4},
journal = {Astroparticle Physics},
volume = {44},
pages = {102-113},
year = {2013},
issn = {0927-6505},
doi = {https://doi.org/10.1016/j.astropartphys.2013.01.015},
url = {https://www.sciencedirect.com/science/article/pii/S092765051300025X},
author = {Leif Rädel and Christopher Wiebusch},
keywords = {Neutrino telescopes, Cherenkov-light, Geant4, Electro-magnetic cascades}
}

@article{Barr2006,
    author = "Barr, G. D. and Gaisser, T. K. and Robbins, S. and Stanev, Todor",
    title = "{Uncertainties in Atmospheric Neutrino Fluxes}",
    eprint = "astro-ph/0611266",
    archivePrefix = "arXiv",
    doi = "10.1103/PhysRevD.74.094009",
    journal = "Phys. Rev. D",
    volume = "74",
    pages = "094009",
    year = "2006"
}

% Juan-Pablo's thesis
@phdthesis{Garza2014Measurement,
	author = {Garza, Juan Pablo Y{\'a}{\~n}ez},
	date-added = {2018-06-01 11:53:49 +0000},
	date-modified = {2018-06-01 11:53:49 +0000},
	doi = {http://dx.doi.org/10.18452/17016},
	school = {Humboldt-Universit{\"a}t zu Berlin, Mathematisch-Naturwissenschaftliche Fakult{\"a}t I},
	title = {{Measurement of neutrino oscillations in atmospheric neutrinos with the IceCube DeepCore detector}},
	year = {2014},
	Bdsk-Url-1 = {http://dx.doi.org/10.18452/17016}}

 % SANTA
@article{Aguilar:2011zz,
    author = "Aguilar, J. A. and others",
    collaboration = "ANTARES",
    title = "{A fast algorithm for muon track reconstruction and its application to the ANTARES neutrino telescope}",
    eprint = "1105.4116",
    archivePrefix = "arXiv",
    primaryClass = "astro-ph.IM",
    doi = "10.1016/j.astropartphys.2011.01.003",
    journal = "Astropart. Phys.",
    volume = "34",
    pages = "652--662",
    year = "2011"
}
% Low-En reco paper
@article{lowen-reco-paper,
    author = "Abbasi, R. and others",
    collaboration = "IceCube",
    title = "{Low Energy Event Reconstruction in IceCube DeepCore}",
    eprint = "2203.02303",
    archivePrefix = "arXiv",
    primaryClass = "hep-ex",
    month = "3",
    year = "2022"
}

@article{PRICE200197,
title = {Role of group and phase velocity in high-energy neutrino observatories},
journal = {Astroparticle Physics},
volume = {15},
number = {1},
pages = {97-100},
year = {2001},
issn = {0927-6505},
doi = {https://doi.org/10.1016/S0927-6505(00)00142-0},
url = {https://www.sciencedirect.com/science/article/pii/S0927650500001420},
author = {P.B. Price and K. Woschnagg},
abstract = {Kuzmichev recently showed that use of phase velocity rather than group velocity for Cherenkov light signals and pulses from calibration lasers in high-energy neutrino telescopes leads to errors in track reconstruction and distance measurement. We amplify on his remarks and show that errors for four cases of interest to AMANDA, IceCube, and radio Cherenkov detector are negligibly small.}
}

@article{icecube_daq,
    author = "Abbasi, R. and others",
    collaboration = "IceCube",
    title = "{The IceCube Data Acquisition System: Signal Capture, Digitization, and Timestamping}",
    eprint = "0810.4930",
    archivePrefix = "arXiv",
    primaryClass = "physics.ins-det",
    doi = "10.1016/j.nima.2009.01.001",
    journal = "Nucl. Instrum. Meth. A",
    volume = "601",
    pages = "294--316",
    year = "2009"
}

@article{deepcore_sterile_2017,
	doi = {10.1103/physrevd.95.112002},
	url = {https://doi.org/10.1103\%2Fphysrevd.95.112002},
	year = 2017,
	publisher = {American Physical Society ({APS})},
	volume = {95},
	number = {11},
	author = "Aartsen, M. G. and others",
	title = {Search for sterile neutrino mixing using three years of {IceCube} {DeepCore} data},
	journal = {Physical Review D}
}

@article{Aartsen_2018,
   title={Measurement of Atmospheric Neutrino Oscillations at 6–56 GeV with IceCube DeepCore},
   volume={120},
   ISSN={1079-7114},
   url={http://dx.doi.org/10.1103/PhysRevLett.120.071801},
   DOI={10.1103/physrevlett.120.071801},
   number={7},
   journal={Physical Review Letters},
   publisher={American Physical Society (APS)},
   author = "Aartsen, M. G. and others",
   year={2018},
   month={Feb}
}

@article{IceCube:2019dqi,
    author = "Aartsen, M. G. and others",
    collaboration = "IceCube",
    title = "Measurement of Atmospheric Tau Neutrino Appearance with IceCube DeepCore",
    eprint = "1901.05366",
    archivePrefix = "arXiv",
    primaryClass = "hep-ex",
    doi = "10.1103/PhysRevD.99.032007",
    journal = "Phys. Rev. D",
    volume = "99",
    number = "3",
    pages = "032007",
    year = "2019"
}

@article{scikit-learn,
 title={Scikit-learn: Machine Learning in {P}ython},
 author={Pedregosa, F. and Varoquaux, G. and Gramfort, A. and Michel, V.
         and Thirion, B. and Grisel, O. and Blondel, M. and Prettenhofer, P.
         and Weiss, R. and Dubourg, V. and Vanderplas, J. and Passos, A. and
         Cournapeau, D. and Brucher, M. and Perrot, M. and Duchesnay, E.},
 journal={Journal of Machine Learning Research},
 volume={12},
 pages={2825--2830},
 year={2011}
}

@article{Honda:2015fha,
    author = "Honda, M. and Sajjad Athar, M. and Kajita, T. and Kasahara, K. and Midorikawa, S.",
    title = "{Atmospheric neutrino flux calculation using the NRLMSISE-00 atmospheric model}",
    eprint = "1502.03916",
    archivePrefix = "arXiv",
    primaryClass = "astro-ph.HE",
    doi = "10.1103/PhysRevD.92.023004",
    journal = "Phys. Rev. D",
    volume = "92",
    number = "2",
    pages = "023004",
    year = "2015"
}

@article{Aartsen_2015,
    author = "Aartsen, M. G. and others",
	doi = {10.1103/physrevd.91.072004},
	url = {https://doi.org/10.1103\%2Fphysrevd.91.072004},
  	year = 2015,
	month = {apr},
  	publisher = {American Physical Society ({APS})},
  	volume = {91},
  	number = {7},
	title = {Determining neutrino oscillation parameters from atmospheric muon neutrino disappearance with three years of {IceCube} {DeepCore} data},
  
	journal = {Physical Review D}
}

@article{Andreopoulos:2015wxa,
      author         = "Andreopoulos, Costas and Barry, Christopher and Dytman,
                        Steve and Gallagher, Hugh and Golan, Tomasz and Hatcher,
                        Robert and Perdue, Gabriel and Yarba, Julia",
      title          = "{The GENIE Neutrino Monte Carlo Generator: Physics and
                        User Manual}",
      year           = "2015",
      eprint         = "1510.05494",
      archivePrefix  = "arXiv",
      %primaryClass   = "hep-ph",  % the "primaryClass" property causes compilation errors
      reportNumber   = "FERMILAB-FN-1004-CD",
      SLACcitation   = "%%CITATION = ARXIV:1510.05494;%%"
}

@article{proposal,
title = "{PROPOSAL: A tool for propagation of charged leptons}",
journal = {Computer Physics Communications},
volume = {184},
number = {9},
pages = {2070-2090},
year = {2013},
issn = {0010-4655},
doi = {https://doi.org/10.1016/j.cpc.2013.04.001},
url = {https://www.sciencedirect.com/science/article/pii/S0010465513001355},
author = {J.-H. Koehne and K. Frantzen and M. Schmitz and T. Fuchs and W. Rhode and D. Chirkin and J. {Becker Tjus}},
keywords = {Monte-Carlo simulation, Muon interaction, IceCube}
}


@article{nufit22,
	abstract = {We present a global analysis of solar, atmospheric, reactor and accelerator neutrino data in the framework of three-neutrino oscillations based on data available in summer 2014. We provide the allowed ranges of the six oscillation parameters and show that their determination is stable with respect to uncertainties related to reactor neutrino and solar neutrino flux predictions. We find that the maximal possible value of the Jarlskog invariant in the lepton sector is 0.033 $\pm$0.010 ($\pm$0.027) at the 1σ(3σ) level and we use leptonic unitarity triangles to illustrate the ability of global oscillation data to obtain information on CP violation. We discuss ``tendencies and tensions''of the global fit related to the octant of θ23 as well as the CP violating phase δCP. The favored values of δCP are around 3π/2 while values around π/2 are disfavored at about Δχ2 ≃6. We comment on the non-trivial task to assign a confidence level to this Δχ2 value by performing a Monte Carlo study of T2K data.},
	author = {Gonzalez-Garcia, M. C. and Maltoni, Michele and Schwetz, Thomas},
	date = {2014/11/11},
	date-added = {2022-08-30 13:50:41 +0200},
	date-modified = {2022-08-30 13:50:41 +0200},
	doi = {10.1007/JHEP11(2014)052},
	id = {Gonzalez-Garcia2014},
	isbn = {1029-8479},
	journal = {Journal of High Energy Physics},
	number = {11},
	pages = {52},
	title = {Updated fit to three neutrino mixing: status of leptonic CP violation},
	url = {https://doi.org/10.1007/JHEP11(2014)052},
	volume = {2014},
	year = {2014},
	bdsk-url-1 = {https://doi.org/10.1007/JHEP11(2014)052}}

@article{Gaisser:2011klf,
    author = "Gaisser, Thomas K.",
    title = "{Spectrum of cosmic-ray nucleons, kaon production, and the atmospheric muon charge ratio}",
    eprint = "1111.6675",
    archivePrefix = "arXiv",
    primaryClass = "astro-ph.HE",
    doi = "10.1016/j.astropartphys.2012.02.010",
    journal = "Astropart. Phys.",
    volume = "35",
    pages = "801--806",
    year = "2012"
}

@article{sibyll,
    author = "Engel, Ralph and Riehn, Felix and Fedynitch, Anatoli and Gaisser, Thomas K. and Stanev, Todor",
    editor = "Pattison, B.",
    title = "{The hadronic interaction model Sibyll \textendash{} past, present and future}",
    doi = "10.1051/epjconf/201614508001",
    journal = "EPJ Web Conf.",
    volume = "145",
    pages = "08001",
    year = "2017"
}

@misc{clsim,
author = {C. Kopper and others},
howpublished = "\url{https://github.com/claudiok/clsim}",
}

@article{flasher_calibration,
    author = "Aartsen, M. G. and others",
    collaboration = "IceCube",
    title = "{Measurement of South Pole ice transparency with the IceCube LED calibration system}",
    eprint = "1301.5361",
    archivePrefix = "arXiv",
    primaryClass = "astro-ph.IM",
    doi = "10.1016/j.nima.2013.01.054",
    journal = "Nucl. Instrum. Meth. A",
    volume = "711",
    pages = "73--89",
    year = "2013"
}

@INPROCEEDINGS{ppc,
  author={Chirkin, Dmitry and Díaz-Vélez, Juan Carlos and Kopper, Claudio and Olivas, Alexander and Riedel, Benedikt and Rongen, Martin and Schultz, David and van Santen, Jakob},
  booktitle={2019 15th International Conference on eScience (eScience)}, 
  title={Photon Propagation using GPUs by the IceCube Neutrino Observatory}, 
  year={2019},
  volume={},
  number={},
  pages={388-393},
  doi={10.1109/eScience.2019.00050}}
